<record xmlns='http://www.loc.gov/MARC21/slim'><leader>01077cam a2200325ua 4500</leader><controlfield tag='001'>a1591294</controlfield><controlfield tag='003'>SIRSI</controlfield><controlfield tag='005'>20150721003002.0</controlfield><controlfield tag='008'>850827c19831982nyu           000 1 eng d</controlfield><datafield ind1=' ' ind2=' ' tag='010'><subfield code='a'>   81048242</subfield></datafield><datafield ind1=' ' ind2=' ' tag='020'><subfield code='a'>0671526022 (pbk.)</subfield></datafield><datafield ind1=' ' ind2=' ' tag='020'><subfield code='a'>0671668781 (pbk.) :</subfield><subfield code='c'>$7.95</subfield></datafield><datafield ind1=' ' ind2=' ' tag='020'><subfield code='a'>9780671668785 (pbk.)</subfield></datafield><datafield ind1=' ' ind2=' ' tag='020'><subfield code='a'>9780671526023 (pbk.)</subfield></datafield><datafield ind1=' ' ind2=' ' tag='035'><subfield code='a'>(CStRLIN)CSUG85-B80245</subfield></datafield><datafield ind1=' ' ind2=' ' tag='035'><subfield code='a'>(OCoLC-M)22434890</subfield></datafield><datafield ind1=' ' ind2=' ' tag='035'><subfield code='a'>(OCoLC-I)273758601</subfield></datafield><datafield ind1=' ' ind2=' ' tag='040'><subfield code='a'>RPB</subfield><subfield code='c'>RPB</subfield><subfield code='d'>OrLoB</subfield></datafield><datafield ind1='1' ind2=' ' tag='100'><subfield code='a'>Walker, Alice,</subfield><subfield code='d'>1944-</subfield><subfield code=' '>^A128228</subfield></datafield><datafield ind1='1' ind2='4' tag='245'><subfield code='a'>The color purple /</subfield><subfield code='c'>Alice Walker.</subfield></datafield><datafield ind1=' ' ind2=' ' tag='260'><subfield code='a'>New York :</subfield><subfield code='b'>Washington Square Press,</subfield><subfield code='c'>1983, c1982.</subfield></datafield><datafield ind1=' ' ind2=' ' tag='300'><subfield code='a'>253 p. ;</subfield><subfield code='c'>21 cm.</subfield></datafield><datafield ind1=' ' ind2=' ' tag='596'><subfield code='a'>1</subfield></datafield><datafield ind1=' ' ind2=' ' tag='020'><subfield code='a'>0671019074 (pbk.)</subfield></datafield><datafield ind1=' ' ind2=' ' tag='020'><subfield code='a'>9780671019075 (pbk.)</subfield></datafield><datafield ind1=' ' ind2=' ' tag='916'><subfield code='a'>DATE CATALOGED</subfield><subfield code='b'>19910907</subfield></datafield><datafield ind1=' ' ind2=' ' tag='986'><subfield code='a'>Winner of Pulitzer Prize Novel Category 1983.</subfield><subfield code='1'>Nielsen</subfield></datafield><datafield ind1=' ' ind2=' ' tag='020'><subfield code='a'>0671458531</subfield></datafield><datafield ind1=' ' ind2=' ' tag='020'><subfield code='a'>9780671458539</subfield></datafield><datafield ind1=' ' ind2=' ' tag='999'><subfield code='a'>PS3573 .A425 C6 1983</subfield><subfield code='w'>LC</subfield><subfield code='c'>1</subfield><subfield code='i'>36105040052180</subfield><subfield code='d'>7/20/2015</subfield><subfield code='e'>7/20/2015</subfield><subfield code='k'>CHECKEDOUT</subfield><subfield code='l'>STACKS</subfield><subfield code='m'>GREEN</subfield><subfield code='n'>21</subfield><subfield code='q'>8</subfield><subfield code='r'>M</subfield><subfield code='s'>Y</subfield><subfield code='t'>STKS-MONO</subfield><subfield code='u'>8/27/1985</subfield><subfield code='z'>DIGI-SENT</subfield></datafield></record>